
<record>
  <controlfield tag="001">253435</controlfield>
  <datafield tag="035" ind1=" " ind2=" ">
    <subfield code="z">D87-11962</subfield>
    <subfield code="9">DESY</subfield>
  </datafield>
  <datafield tag="035" ind1=" " ind2=" ">
    <subfield code="a">Albrecht:1987iv</subfield>
    <subfield code="9">SPIRESTeX</subfield>
  </datafield>
  <datafield tag="710" ind1=" " ind2=" ">
    <subfield code="g">ARGUS</subfield>
  </datafield>
  <datafield tag="245" ind1=" " ind2=" ">
    <subfield code="a">PRELIMINARY RESULTS ON HYPERON PRODUCTION IN e+ e- ANNIHILATION AT 10-GeV CENTER-OF-MASS ENERGY</subfield>
  </datafield>
</record>