
<record>
  <controlfield tag="001">253431</controlfield>
  <datafield tag="035" ind1=" " ind2=" ">
    <subfield code="z">D87-11960</subfield>
    <subfield code="9">DESY</subfield>
  </datafield>
  <datafield tag="035" ind1=" " ind2=" ">
    <subfield code="a">Albrecht:1987iq</subfield>
    <subfield code="9">SPIRESTeX</subfield>
  </datafield>
  <datafield tag="710" ind1=" " ind2=" ">
    <subfield code="g">ARGUS</subfield>
  </datafield>
  <datafield tag="245" ind1=" " ind2=" ">
    <subfield code="a">FIRST OBSERVATION OF THE P WAVE LAMBDA (1520) HYPERON IN e+ e- ANNIHILATION AT 10-GeV CENTER-OF-MASS ENERGY</subfield>
  </datafield>
</record>